<?xml version="1.0" encoding="UTF-8" ?>
<marc:collection xmlns:marc="http://www.loc.gov/MARC21/slim" xmlns:xsi="http://www.w3.org/2001/XMLSchema-instance" xsi:schemaLocation="http://www.loc.gov/MARC21/slim http://www.loc.gov/standards/marcxml/schema/MARC21slim.xsd">
	<marc:record>
		<marc:leader>03377ntm a2200541Ia 4500</marc:leader>
		<marc:controlfield tag="001">on1243893026</marc:controlfield>
		<marc:controlfield tag="003">OCoLC</marc:controlfield>
		<marc:controlfield tag="005">20210407122638.0</marc:controlfield>
		<marc:controlfield tag="008">210330q13501450xx            000 0 ara d</marc:controlfield>
		<marc:datafield tag="040" ind1=" " ind2=" ">
			<marc:subfield code="a">PLF</marc:subfield>
			<marc:subfield code="b">eng</marc:subfield>
			<marc:subfield code="e">amremm</marc:subfield>
			<marc:subfield code="c">PLF</marc:subfield>
			<marc:subfield code="d">OCLCO</marc:subfield>
		</marc:datafield>
		<marc:datafield tag="066" ind1=" " ind2=" ">
			<marc:subfield code="c">(3</marc:subfield>
		</marc:datafield>
		<marc:datafield tag="035" ind1=" " ind2=" ">
			<marc:subfield code="a">(PLF)2572444</marc:subfield>
		</marc:datafield>
		<marc:datafield tag="099" ind1=" " ind2=" ">
			<marc:subfield code="a">Lewis O 22</marc:subfield>
        </marc:datafield>
		<marc:datafield tag="049" ind1=" " ind2=" ">
			<marc:subfield code="a">PLFF</marc:subfield>
		</marc:datafield>
		<marc:datafield tag="100" ind1="1" ind2=" ">
			<marc:subfield code="6">880-01</marc:subfield>
			<marc:subfield code="a">Bayḍāwī, ʻAbd Allāh ibn ʻUmar,</marc:subfield>
			<marc:subfield code="d">-1286.</marc:subfield>
		</marc:datafield>
		<marc:datafield tag="245" ind1="1" ind2="0">
			<marc:subfield code="6">880-02</marc:subfield>
			<marc:subfield code="a">Anwār al-tanzīl wa-asrār al-taʼwīl.</marc:subfield>
		</marc:datafield>
		<marc:datafield tag="260" ind1=" " ind2=" ">
			<marc:subfield code="c">[between 1350 and 1450?]</marc:subfield>
		</marc:datafield>
		<marc:datafield tag="300" ind1=" " ind2=" ">
			<marc:subfield code="a">i, 369, ii leaves :</marc:subfield>
			<marc:subfield code="b">paper ;</marc:subfield>
			<marc:subfield code="c">270 x 177 (201 x 126) mm, bound to 270 x 177 mm.</marc:subfield>
		</marc:datafield>
		<marc:datafield tag="500" ind1=" " ind2=" ">
			<marc:subfield code="a">Ms. codex.</marc:subfield>
		</marc:datafield>
		<marc:datafield tag="520" ind1=" " ind2=" ">
			<marc:subfield code="a">Copy of al-Bayḍāwī's commentary on the Qurʼān with a partial table of contents added at the beginning.</marc:subfield>
		</marc:datafield>
		<marc:datafield tag="546" ind1=" " ind2=" ">
			<marc:subfield code="a">Arabic.</marc:subfield>
		</marc:datafield>
		<marc:datafield tag="500" ind1=" " ind2=" ">
			<marc:subfield code="a">Title from title page (f. 1r).</marc:subfield>
		</marc:datafield>
		<marc:datafield tag="510" ind1="4" ind2=" ">
			<marc:subfield code="a">Simsar, Muhammed Ahmed. Oriental manuscripts of the John Frederick Lewis Collection,</marc:subfield>
			<marc:subfield code="c">22</marc:subfield>
		</marc:datafield>
		<marc:datafield tag="500" ind1=" " ind2=" ">
			<marc:subfield code="a">Foliation: Foliated in Hindu-Arabic numerals in ink with some misnumbering (1-79, 81-83, 85-369) upper left recto; catchwords every verso, lower left.</marc:subfield>
		</marc:datafield>
		<marc:datafield tag="500" ind1=" " ind2=" ">
			<marc:subfield code="a">Layout: Written in 33 long lines; frame ruled with a misṭarah. Some marginal headers; many marginal notes.</marc:subfield>
		</marc:datafield>
		<marc:datafield tag="500" ind1=" " ind2=" ">
			<marc:subfield code="a">Script: Written in naskh in black ink with titles in thuluth in red ink; pointed.</marc:subfield>
		</marc:datafield>
		<marc:datafield tag="500" ind1=" " ind2=" ">
			<marc:subfield code="a">Decoration: Illuminated frontispiece and title page in three registers with the main space colored blue with corner pieces in gold and colors and a central shamsah containing the subtitle and author's name in gold; the title appears in gold and white in a rectangle above with a third register above that with decoration in polychrome and gold (f. 1r); polychrome and gold headpiece and circular vignette (f. 1v); verses of the Qurʼān and sūrah titles in red.</marc:subfield>
		</marc:datafield>
		<marc:datafield tag="500" ind1=" " ind2=" ">
			<marc:subfield code="a">Binding: Bound in brown leather over pasteboard with gold-tooled central mandorla, two pendants on the vertical axis and cornerpieces; inside covers of brown leather with a filigree patterned central mandorla in black and gold over green textile; gold-tooled corners and frame.</marc:subfield>
		</marc:datafield>
		<marc:datafield tag="500" ind1=" " ind2=" ">
			<marc:subfield code="a">Origin: Item is undated, possibly 14th or early 15th century based on the style of decoration and the paper.</marc:subfield>
		</marc:datafield><marc:datafield tag="561" ind1="1" ind2=" ">
			<marc:subfield code="a">Formerly owned by John Frederick Lewis.</marc:subfield>
		</marc:datafield>
		<marc:datafield tag="630" ind1="0" ind2="0">
			<marc:subfield code="a">Qurʼan</marc:subfield>
			<marc:subfield code="v">Commentaries</marc:subfield>
			<marc:subfield code="v">Early works to 1800.</marc:subfield>
		</marc:datafield>
		<marc:datafield tag="630" ind1="0" ind2="0">
			<marc:subfield code="a">Qurʼan</marc:subfield>
			<marc:subfield code="x">Criticism, interpretation, etc.</marc:subfield>
			<marc:subfield code="v">Early works to 1800.</marc:subfield>
		</marc:datafield>
		<marc:datafield tag="650" ind1=" " ind2="0">
			<marc:subfield code="a">Manuscripts, Arabic</marc:subfield>
			<marc:subfield code="y">14th century.</marc:subfield>
		</marc:datafield><marc:datafield tag="650" ind1=" " ind2="0">
			<marc:subfield code="a">Manuscripts, Oriental</marc:subfield>
			<marc:subfield code="y">14th century.</marc:subfield>
		</marc:datafield>
		<marc:datafield tag="650" ind1=" " ind2="0">
			<marc:subfield code="a">Manuscripts, Arabic</marc:subfield>
			<marc:subfield code="y">15th century.</marc:subfield>
		</marc:datafield>
		<marc:datafield tag="650" ind1=" " ind2="0">
			<marc:subfield code="a">Manuscripts, Oriental</marc:subfield>
			<marc:subfield code="y">15th century.</marc:subfield>
		</marc:datafield>
		<marc:datafield tag="655" ind1=" " ind2="7">
			<marc:subfield code="a">codices (bound manuscripts)</marc:subfield>
			<marc:subfield code="2">aat</marc:subfield>
			<marc:subfield code="0">(CStmoGRI)aatgf300224200</marc:subfield>
		</marc:datafield><marc:datafield tag="655" ind1=" " ind2="7">
			<marc:subfield code="a">Commentaries.</marc:subfield>
			<marc:subfield code="2">aat</marc:subfield>
		</marc:datafield>
		<marc:datafield tag="655" ind1=" " ind2="7">
			<marc:subfield code="a">Illuminations (painting)</marc:subfield>
			<marc:subfield code="2">aat</marc:subfield>
		</marc:datafield>
		<marc:datafield tag="655" ind1=" " ind2="7">
			<marc:subfield code="a">manuscripts (documents)</marc:subfield>
			<marc:subfield code="2">aat</marc:subfield>
			<marc:subfield code="0">(CStmoGRI)aatgf300028569</marc:subfield>
		</marc:datafield>
		<marc:datafield tag="655" ind1=" " ind2="7">
			<marc:subfield code="a">Islamic bindings (Binding)</marc:subfield>
			<marc:subfield code="2">rbbin</marc:subfield>
		</marc:datafield>
		<marc:datafield tag="655" ind1=" " ind2="7">
			<marc:subfield code="a">Filigree.</marc:subfield>
			<marc:subfield code="2">lobt</marc:subfield>
		</marc:datafield>
		<marc:datafield tag="700" ind1="1" ind2=" ">
			<marc:subfield code="a">Lewis, Anne Baker,</marc:subfield>
			<marc:subfield code="d">1868-1937,</marc:subfield>
			<marc:subfield code="e">donor.</marc:subfield>
		</marc:datafield>
		<marc:datafield tag="700" ind1="1" ind2=" ">
			<marc:subfield code="a">Lewis, John Frederick,</marc:subfield>
			<marc:subfield code="d">1860-1932,</marc:subfield>
			<marc:subfield code="e">former owner.</marc:subfield>
		</marc:datafield>
		<marc:datafield tag="710" ind1="2" ind2=" ">
			<marc:subfield code="a">Free Library of Philadelphia.</marc:subfield>
			<marc:subfield code="b">Rare Book Department.</marc:subfield>
			<marc:subfield code="b">John Frederick Lewis Collection of Oriental Manuscripts.</marc:subfield>
		</marc:datafield>
		<marc:datafield tag="856" ind1="4" ind2="1">
			<marc:subfield code="z">Digital facsimile in OPenn</marc:subfield>
			<marc:subfield code="u">http://openn.library.upenn.edu/Data/0023/html/lewis_o_022.html</marc:subfield>
		</marc:datafield>
		<marc:datafield tag="852" ind1=" " ind2=" ">
			<marc:subfield code="b">Rare Book Department</marc:subfield>
			<marc:subfield code="a">Free Library of Philadelphia</marc:subfield>
			<marc:subfield code="e">Philadelphia</marc:subfield>
			<marc:subfield code="u">https://know.freelibrary.org/Record/2572444</marc:subfield>
		</marc:datafield>
		<marc:datafield tag="880" ind1="1" ind2=" ">
			<marc:subfield code="6">100-01/(3/r</marc:subfield>
			<marc:subfield code="a">بيضاوي، عبد الله بن عمر،</marc:subfield>
			<marc:subfield code="d">-1286؟</marc:subfield>
		</marc:datafield>
		<marc:datafield tag="880" ind1="1" ind2="0">
			<marc:subfield code="6">245-02/(3/r</marc:subfield>
			<marc:subfield code="a">أنوار التنزيل وأسرار التأويل.</marc:subfield>
		</marc:datafield>
		<marc:datafield tag="994" ind1=" " ind2=" ">
			<marc:subfield code="a">C0</marc:subfield>
			<marc:subfield code="b">PAU</marc:subfield>
		</marc:datafield>
	</marc:record>
</marc:collection>
